% https://github.com/henry-ns/owlify
@misc{owlify,
  title={Código fonte do sistema desenvolvido neste trabalho},
  author={Autoral},
  year={2020},
  url={https://github.com/henry-ns/owlify}
}

% https://github.com/GComPI-IFPB/lora-transmitter-test
@misc{owlify_lora_transmitter_test,
  title={Código da análise do teste de transmissão},
  author={Autoral},
  year={2020},
  url={https://github.com/GComPI-IFPB/lora-transmitter-test}
}

& https://www.ineltro.ch/media/downloads/SAAItem/45/45958/36e3e7f3-2049-4adb-a2a7-79c654d92915.pdf
@online{EEMB201018650,
  author={EEMB},
  title={Lithium-ion Battery 18650 Datasheet},
  year=2010,
  url={https://www.ineltro.ch/media/downloads/SAAItem/45/45958/36e3e7f3-2049-4adb-a2a7-79c654d92915.pdf},
  urldate={2021-04-04}
} 

% https://www.researchgate.net/profile/Javam-Machado/publication/237644729_Computacao_em_Nuvem_Conceitos_Tecnologias_Aplicacoes_e_Desafios/links/56044f4308aea25fce3121f3/Computacao-em-Nuvem-Conceitos-Tecnologias-Aplicacoes-e-Desafios.pdf
@article{sousa2009computaccao,
  title={Computa{\c{c}}{\~a}o em nuvem: Conceitos, tecnologias, aplica{\c{c}}{\~o}es e desafios},
  author={Sousa, Fl{\'a}vio RC and Moreira, Leonardo O and Machado, Javam C},
  journal={II Escola Regional de Computa{\c{c}}{\~a}o Cear{\'a}, Maranh{\~a}o e Piau{\'\i} (ERCEMAPI)},
  pages={150--175},
  year={2009}
}

% http://www.editorarealize.com.br/editora/anais/conapesc/2018/TRABALHO_EV107_MD1_SA28_ID1630_04062018190759.pdf
@article{cruzdesenvolvimento,
  title={DESENVOLVIMENTO DE UM SENSOR DE TEMPERATURA DE BAIXO CUSTO APLICADO AO CONTROLE DA QUALIDADE DE VACINAS},
  author={Cruz, Roniel Ferreira and Correa, Camila Santos and Silva, Wilton Lacerda}
}

% http://publicacoes.ifc.edu.br/index.php/micti/article/download/1765/1396
@article{kersbaum2019monitoramento,
  title={MONITORAMENTO DE TEMPERATURA PARA C{\^A}MARA DE VACINA},
  author={Kersbaum, Mayron and dos Santos Carvalho, Paula Emanuele and Waiss, J{\'e}ssica Schneider and Nobrega, Pedro Henrique Dias and Xavier, Jo{\~a}o Carlos},
  journal={Anais da Mostra Nacional de Inicia{\c{c}}{\~a}o Cient{\'\i}fica e Tecnol{\'o}gica Interdisciplinar (MICTI)-e-ISSN 2316-7165},
  volume={1},
  number={12},
  year={2019}
}

% https://periodicos.unis.edu.br/index.php/mythos/article/view/308
@article{lima2019controle,
  title={CONTROLE DE TEMPERATURA COM ARDU{\'I}NO},
  author={Lima, Michelle Silva and Santiago, Rayane Fontanella and Trajano, Jo{\~a}o Pedro Maciel and Pereira, Leonardo Chahim and de Abreu, Sanderson Rocha},
  journal={Revista Mythos},
  volume={12},
  number={2},
  pages={48--55},
  year={2019}
}

% https://reactnative.dev/
@online{docreactnative,
  author={Facebook},
  title={Documentação ofícial do React native},
  year=2020,
  url={https://reactnative.dev/},
  urldate={2021-03-13}
} 

% https://github.com/react-brasil/empresas-que-usam-react-no-brasil
@online{empresasbrreact,
  author={React Brasil},
  title={Empresas que utilizam React no Brasil},
  year=2020,
  url={https://github.com/react-brasil/empresas-que-usam-react-no-brasil},
  urldate={2021-03-13}
}

% https://nodejs.org/pt-br/about/
@online{nodejsAbout,
  author={OpenJS Foundation},
  title={Documentação ofícial do Node.js},
  year=2019,
  url={https://nodejs.org/pt-br/about/},
  urldate={2021-03-12}
}

@article{tilkov2010node,
  title={Node. js: Using JavaScript to build high-performance network programs},
  author={Tilkov, Stefan and Vinoski, Steve},
  journal={IEEE Internet Computing},
  volume={14},
  number={6},
  pages={80--83},
  year={2010},
  publisher={IEEE}
}

% https://developer.mozilla.org/pt-BR/docs/Web/HTTP/Session
@online{mozilla2019http,
  author={Mozilla},
  title={Uma típica sessão HTTP},
  year=2019,
  url={https://developer.mozilla.org/pt-BR/docs/Web/HTTP/Session},
  urldate={2021-03-10}
}

% https://www.hjp.at/doc/rfc/rfc1945.html
@misc{berners1996hypertext,
  title={Hypertext transfer protocol--HTTP/1.0},
  author={Berners-Lee, Tim and Fielding, Roy and Frystyk, Henrik},
  year={1996},
  publisher={May}
}

% https://www.3glteinfo.com/lora/lora-architecture
@online{lora2021architecture,
  author={3GLTEinfo},
  title={LoRa Architecture},
  year=2020,
  url={https://www.3glteinfo.com/lora/lora-architecture},
  urldate={2021-03-06}
}

% https://lora-alliance.org/about-lorawan/
@online{lora2021specification,
  author={LoRa Alliance},
  title={What is LoRaWAN® Specification},
  year=2020,
  url={https://lora-alliance.org/about-lorawan},
  urldate={2021-03-06}
}

% https://sol.sbc.org.br/index.php/eradrs/article/view/2984
@inproceedings{rotta2017estudo,
  title={Um estudo sobre protocolos de comunica{\c{c}}{\~a}o para ambientes de internet das coisas},
  author={Rotta, Giovanni and Char{\~a}o, Andrea and Dantas, Mario},
  booktitle={Anais da XVII Escola Regional de Alto Desempenho do Estado do Rio Grande do Sul},
  year={2017},
  organization={SBC}
}

% https://pdf1.alldatasheet.com/datasheet-pdf/view/1132459/ETC2/DHT22.html
@online{datasheetDHT22,
  author={Aosong Electronics},
  title={DHT22 Datasheet},
  year=2020,
  url={https://pdf1.alldatasheet.com/datasheet-pdf/view/1132459/ETC2/DHT22.html},
  urldate={2021-02-28}
}

% https://ww1.microchip.com/downloads/en/DeviceDoc/Atmel-7810-Automotive-Microcontrollers-ATmega328P_Datasheet.pdf
@online{datasheetATmega328P,
  author={Atmel},
  title={ATmega328P Datasheet},
  year=2020,
  url={https://ww1.microchip.com/downloads/en/DeviceDoc/Atmel-7810-Automotive-Microcontrollers-ATmega328P_Datasheet.pdf},
  urldate={2021-05-20}
}

% https://cdn.sparkfun.com/assets/learn_tutorials/8/0/4/RFM95_96_97_98W.pdf
@online{datasheetLoRa,
  author={Hoperf Electronic},
  title={LoRa RFM95},
  year=2020,
  url={https://cdn.sparkfun.com/assets/learn_tutorials/8/0/4/RFM95_96_97_98W.pdf},
  urldate={2021-05-20}
}

% https://homepages.dcc.ufmg.br/~mmvieira/cc/papers/internet-das-coisas.pdf
@article{santos2016internet,
  title={Internet das coisas: da teoria {\`a} pr{\'a}tica},
  author={Santos, Bruno P and Silva, Lucas AM and Celes, CSFS and Borges, Jo{\~a}o B and Neto, Bruna S Peres and Vieira, Marcos Augusto M and Vieira, Luiz Filipe M and Goussevskaia, Olga N and Loureiro, A},
  journal={Minicursos SBRC-Simp{\'o}sio Brasileiro de Redes de Computadores e Sistemas Distribu{\i}dos},
  volume={31},
  year={2016}
}

% https://www.redhat.com/pt-br/topics/containers/containers-vs-vms
@online{redhat2020Containers,
  author={Red Hat},
  title={Containers x máquinas virtuais},
  year=2020,
  url={https://www.redhat.com/pt-br/topics/containers/containers-vs-vms},
  urldate={2021-02-21}
}

% https://github.com/influxdata/influxdb-comparisons
@misc{Charles2013,
  author={Charles, P.W.D.},
  title={influxdb-comparisons},
  year={2020},
  publisher={GitHub},
  journal={GitHub repository},
  howpublished={\url{https://github.com/influxdata/influxdb-comparisons}},
  commit={f3a7a1e11bb4622a1c19da6a16715305b7417378}
}

% https://link.springer.com/chapter/10.1007/978-3-030-21005-2_15
@inproceedings{giacobbe2018implementation,
  title={An implementation of InfluxDB for monitoring and analytics in distributed IoT environments},
  author={Giacobbe, Maurizio and Chaouch, Chakib and Scarpa, Marco and Puliafito, Antonio},
  booktitle={International conference on the Sciences of Electronics, Technologies of Information and Telecommunications},
  pages={155--162},
  year={2018},
  organization={Springer}
}

% https://www.sciencedirect.com/science/article/pii/S0264410X06009340
@article{nelson2007monitoring,
  title={Monitoring temperatures in the vaccine cold chain in Bolivia},
  author={Nelson, Carib and Froes, Paulo and Van Dyck, Anne Mie and Chavarr{\'\i}a, Jeaneth and Boda, Enrique and Coca, Alberto and Crespo, Gladys and Lima, Heinz},
  journal={Vaccine},
  volume={25},
  number={3},
  pages={433--437},
  year={2007},
  publisher={Elsevier}
}

% https://www.acepnow.com/article/common-questions-about-the-pfizer-biontech-and-moderna-covid-19-vaccines/
@article{niforatoscommon,
  title={Common Questions About the Pfizer-BioNTech and Moderna COVID-19 Vaccines},
  author={Niforatos, Joshua D}
}

% https://www.scielo.br/scielo.php?pid=S1413-81232011000200034&script=sci_arttext&tlng=pt
@misc{muniz2011memorias,
  title={Mem{\'o}rias da erradica{\c{c}}{\~a}o da var{\'\i}ola},
  author={Muniz, {\'E}rico Silva},
  year={2011},
  publisher={SciELO Brasil}
}

% https://www.scielo.br/scielo.php?pid=S0104-59702003000500008
@article{temporao2003programa,
  title={O Programa Nacional de Imuniza{\c{c}}{\~o}es (PNI): origens e desenvolvimento},
  author={Tempor{\~a}o, Jos{\'e} Gomes},
  journal={Hist{\'o}ria, ci{\^e}ncias, sa{\'u}de-manguinhos},
  volume={10},
  pages={601--617},
  year={2003},
  publisher={SciELO Brasil}
}

% http://www.reme.org.br/artigo/detalhes/181
@article{oliveira2009conservaccao,
  title={A conserva{\c{c}}{\~a}o de vacinas em unidades b{\'a}sicas de sa{\'u}de de um munic{\'\i}pio da regi{\~a}o Centro-oeste de Minas Gerais},
  author={Oliveira, Val{\'e}ria Concei{\c{c}}{\~a}o de and Pinto, Ione Carvalho and Guimar{\~a}es, In{\^e}s Alcione and Guimar{\~a}es, Eliete Albano de Azevedo},
  journal={Revista Mineira de Enfermagem},
  volume={13},
  number={2},
  pages={209--214},
  year={2009},
  publisher={Revista Mineira de Enfermagem}
}

% http://bvsms.saude.gov.br/bvs/publicacoes/manual_rede_frio.pdf
@online{ministerio2001manual,
  author={Ministério da Sa{\'u}de},
  title={Manual de Rede de Frio},
  year=2001,
  url={http://bvsms.saude.gov.br/bvs/publicacoes/manual_rede_frio.pdf},
  urldate={2021-01-31}
}

@online{soma2018tratamento,
  author={Cl{\'i}nica Soma},
  title={Como funciona o tratamento com imunobiol{\'o}gicos?},
  year=2018,
  url={https://clinicasoma.com.br/como-funciona-o-tratamento-com-imunobiologicos},
  urldate={2021-01-31}
}

% http://professor.pucgoias.edu.br/SiteDocente/admin/arquivosUpload/17657/material/O%20direito%20%C3%A0%20sa%C3%BAde%20na%20Constitui%C3%A7%C3%A3o%20Federal%20de%201988%20-%20Constitucional%20-%20%C3%82mbito%20Jur%C3%ADdico.pdf
@article{de2013direito,
  title={O direito {\`a} sa{\'u}de na Constitui{\c{c}}{\~a}o Federal de 1988},
  author={De Moura, Elis{\^a}ngela Santos},
  journal={{\^A}mbito Jur{\'\i}dico, XVI},
  volume={114},
  year={2013}
}

% http://books.scielo.org/id/c4ww5
@book{almeida2011saude,
  title={O que {\'e} sa{\'u}de?},
  author={Almeida Filho, Naomar de},
  year={2011},
  publisher={Editora Fiocruz}
}

% https://www.scielo.br/scielo.php?pid=S0034-89101996000400001&script=sci_arttext
@article{silva1996vacinaccao,
  title={Vacina{\c{c}}{\~a}o, seguran{\c{c}}a de imunobiol{\'o}gicos e direitos do cidad{\~a}o},
  author={Silva, Luiz Jacintho da},
  journal={Revista de Sa{\'u}de P{\'u}blica},
  volume={30},
  pages={297--298},
  year={1996},
  publisher={SciELO Brasil}
}

% https://www.scielosp.org/article/csc/2014.v19n9/3889-3898/pt/
@article{oliveira2014avaliaccao,
  title={Avalia{\c{c}}{\~a}o da qualidade de conserva{\c{c}}{\~a}o de vacinas na Aten{\c{c}}{\~a}o Prim{\'a}ria {\`a} Sa{\'u}de},
  author={Oliveira, Val{\'e}ria Concei{\c{c}}{\~a}o de and Gallardo, Maria Del Pilar Serrano and Arc{\^e}ncio, Ricardo Alexandre and Gontijo, Tarc{\'\i}sio Laerte and Pinto, Ione Carvalho},
  journal={Ci{\^e}ncia \& Sa{\'u}de Coletiva},
  volume={19},
  pages={3889--3898},
  year={2014},
  publisher={SciELO Public Health}
}

% https://www.researchgate.net/profile/Vivek_Sharma83/publication/346356495_Challenges_of_Equitable_Vaccine_Distribution_in_the_COVID-19_Pandemic/links/5fcbc777299bf188d4f95fe7/Challenges-of-Equitable-Vaccine-Distribution-in-the-COVID-19-Pandemic.pdf
@article{baechallenges,
  title={Challenges in Equitable COVID-19 Vaccine Distribution: A Roadmap for Digital Technology Solutions},
  author={Bae, Joseph and Gandhi, Darshan and Kothari, Jil and Shankar, Sheshank and Bae, Jonah and Patwa, Parth and Sukumaran, Rohan and TV, Sethuraman and Yu, Vanessa and Misra, Krutika and others}
}

% https://www.sciencedirect.com/science/article/pii/S0264410X20307751
@article{falcon2020vaccine,
  title={A vaccine cold chain temperature monitoring study in the United Mexican States},
  author={Falc{\'o}n, Ver{\'o}nica Carri{\'o}n and Porras, Yara Ver{\'o}nica Villalobos and Altamirano, C{\'e}sar Misael G{\'o}mez and Kartoglu, Umit},
  journal={Vaccine},
  volume={38},
  number={33},
  pages={5202--5211},
  year={2020},
  publisher={Elsevier}
}

% https://www.gov.br/saude/pt-br/assuntos/noticias/saude-apresenta-relatorio-com-o-monitoramento-das-vacinas-em-desenvolvimento-contra-a-covid-19
@article{saraiva2020saude,
  title={Sa{\'u}de apresenta relat{\'o}rio com o monitoramento das vacinas em desenvolvimento contra a Covid-19},
  author={Saraiva, Thais and others},
  year={2020}
}

% https://www.sciencedirect.com/science/article/pii/S0264410X20312603
@article{ross2020application,
  title={Application of the remaining vaccine vial monitor life calculation to field temperature monitoring data to improve visibility into cold chain equipment performance},
  author={Ross, Jesse C and Saidu, Yauba and Nzuobontane, Divine and Voukings, Marius Z and Embrey, Sally R},
  journal={Vaccine},
  volume={38},
  number={48},
  pages={7683--7687},
  year={2020},
  publisher={Elsevier}
}

% https://www.lume.ufrgs.br/handle/10183/211227
@article{lopes2019monitoramento,
  title={Monitoramento remoto de temperatura para a armazenagem de materiais biol{\'o}gicos e vacinas, aplicado em pesquisa cl{\'\i}nica},
  author={Lopes Neto, Francisco Diego Negr{\~a}o},
  year={2019}
}